@article{anderson1991,
  title={The adaptive nature of human categorization.},
  author={Anderson, J.R.},
  journal={Psychological Review},
  volume={98},
  number={3},
  pages={409},
  year={1991},
  publisher={American Psychological Association}
}

@article{sanborn2010,
  title={Rational approximations to rational models: alternative algorithms for category learning.},
  author={Sanborn, A.N. and Griffiths, T.L. and Navarro, D.J.},
  journal={Psychological Review},
  volume={117},
  number={4},
  pages={1144},
  year={2010},
  publisher={American Psychological Association}
}
